@INPROCEEDINGS{Eberhart+Kennedy,  
author="J. {Kennedy} and R. {Eberhart}",  
booktitle="Proceedings of ICNN'95 - International Conference on Neural Networks",   
title="Particle swarm optimization",   
year="1995",  
volume="4",  
number="",  
pages="1942-1948 vol.4", 
 doi="10.1109/ICNN.1995.488968",
 }

@INPROCEEDINGS{Eberhart+Shi2001,  
author="E. {Ozcan} and C. K. {Mohan}",  
booktitle="Proceedings of the 1999 Congress on Evolutionary Computation-CEC99 (Cat. No. 99TH8406)",  
title="Particle swarm optimization: surfing the waves",  
year="1999",  
volume="3",  
number="",  
pages="1939-1944 Vol. 3", 
doi="10.1109/CEC.1999.785510",
}

@article{Zhao_etal2022,
title = "Quantifying the Uncertainty of Critical Resolved Shear Stress Values Derived from Nano-Indentation in Hexagonal Ti Alloys",
journal = "Experimental Mechanics",
volume = "62",
pages = "731-743",
year = "2022",
doi = "https://doi.org/10.1007/s11340-021-00813-7",
author = "Z. Zhao and M. R. Ruiz and J. Lu and M. A. Monclus and J. M. Molina-Aldareguia and T. R. Bieler and P. Eisenlohr ",
}

@phdthesis{Zhao2021,
  author  = "Zhuowen Zhao",
  title   = "The Influence of Anisotropic Slip and Shear Transformation on Heterogeneous Deformation Based upon Nanoindentation, Crystal Plasticity Modeling, and Artificial Neural Networks",
  school  = "Michigan State University",
  year    = "2021"
}

@book{eijkhout_2016,
author="Eijkhout, Victor and van de Geijn, Robert and Chow, Edmond",
title="{Introduction to High Performance Scientific Computing}",
publisher="Zenodo",
year= "2016",
month = "apr",
note = "{Book source and printed copies are available: http 
                   ://pages.tacc.utexas.edu/~eijkhout/istc/istc.html}",
doi = "10.5281/zenodo.49897",
url  = "https://doi.org/10.5281/zenodo.49897",
}

@book{eijkhout_2016_2,
author="Eijkhout, Victor",
title="{Parallel Programming for Science Engineering}",
publisher="Zenodo",
year= "2016",
month = "",
note = "",
doi = "",
url  = "https://pages.tacc.utexas.edu/~eijkhout/pcse/html/index.html",
}


@book{Himmelblau_1972,
author="Himmelblau David Mautner",
title="Applied Nonlinear Programming [Texte Imprime]",
publisher="McGraw-Hill",
year= "1972",
month = "",
note = "",
doi = "",
url  = "https://ulysse.univ-lorraine.fr/discovery/fulldisplay/alma991002153909705596/33UDL_INST:UDL",
}

@article{Bindel_2010,
author="David Bindel",
title="N-body assignment",
publisher="Cornell University",
year= "2010",
month = "Feb",
note = "",
doi = "",
url  = "https://www.cs.cornell.edu/~bindel/class/cs5220-s10/hw2code.pdf",
}





